@article{einstein,
    author =       "Albert Einstein",
    title =        "{Zur Elektrodynamik bewegter K{\"o}rper}",
    journal =      "Annalen der Physik",
    volume =       "322",
    number =       "10",
    pages =        "891--921",
    year =         "1905",
    DOI =          "http://dx.doi.org/10.1002/andp.19053221004"
}

@book{latexcompanion,
    author    = "Michel Goossens and Frank Mittelbach and Alexander Samarin",
    title     = "The \LaTeX\ Companion",
    year      = "1993",
    publisher = "Addison-Wesley",
    address   = "Reading, Massachusetts"
}

@misc{knuthwebsite,
    author    = "Donald Knuth",
    title     = "Knuth: Computers and Typesetting",
    url       = "http://www-cs-faculty.stanford.edu/\~{}uno/abcde.html (abgerufen am 12.08.2021)",
}
@book{botthof2015zukunft,
  title={Zukunft der Arbeit in Industrie 4.0},
  author={Botthof, Alfons and Hartmann, Ernst Andreas},
  year={2015},
  publisher={Springer Nature}
  url=https://library.oapen.org/bitstream/handle/20.500.12657/27771/1002234.pdf?sequence=1 (abgerufen ab 10.11.2022)
}
@book{hirsch2014wandel,
  title={Wandel von Produktionsarbeit-" Industrie 4.0"},
  author={Hirsch-Kreinsen, Hartmut and Weyer, Johannes},
  year={2014},
  publisher={TU}
  url=https://ts.sowi.tu-dortmund.de/storages/ts-sowi/r/Dateien/Downloads/SozAP/38_AP-SOZ-38.pdf (abgerufen am 10.11.2022)
}