% examples %

@article{einstein,
	author		= "Albert Einstein",
	title		= "{Zur Elektrodynamik bewegter K{\"o}rper}",
	journal		= "Annalen der Physik",
	volume		= "322",
	number		= "10",
	pages		= "891--921",
	year		= "1905",
	DOI			= "http://dx.doi.org/10.1002/andp.19053221004"
}

@book{latexcompanion,
    author		= "Michel Goossens and Frank Mittelbach and Alexander Samarin",
    title		= "The \LaTeX\ Companion",
    year		= "1993",
    publisher	= "Addison-Wesley",
    address		= "Reading, Massachusetts"
}

@misc{knuthwebsite,
    author		= "Donald Knuth",
    title		= "Knuth: Computers and Typesetting",
    url			= "http://www-cs-faculty.stanford.edu/\~{}uno/abcde.html (abgerufen am 12.08.2021)",
}

@mastersthesis{
	thesis-dirk_rothe,
	author		= "Dirk Rothe",
	title		= "Indoor Localization of Mobile Devices Based on Wi-Fi Signals Using Raytracing Supported Algorithms",
	school		= "RWTH Aachen University, Germany",
	month		= "February",
	year		= "2012"
}

@OTHER{Nave:InverseSquareLawSound,
	author		= {R Nave},
	title		= {Inverse Square Law for Sound},
	url			= {http://hyperphysics.phy-astr.gsu.edu/hbase/acoustic/invsqs.html}
}

@inproceedings{rss-ap,
	author		= "Kuo-Fong Kao and I-En Liao and Jia-Siang Lyu ",
	title		= "An Indoor Location-Based Service Using Access Points as Signal Strength Data Collectors",
	booktitle	= "Indoor Positioning and Indoor Navigation (IPIN), 2010",
	month		= "September",
	year		= "2010"
}

% end examples %

@ARTICLE{1561920,
  author={Jyh-Cheng Chen and Yu-Ping Wang},
  journal={IEEE Communications Magazine}, 
  title={Extensible authentication protocol (EAP) and IEEE 802.1x: tutorial and empirical experience}, 
  year={2005},
  volume={43},
  number={12},
  pages={supl.26-supl.32},
  doi={10.1109/MCOM.2005.1561920}
 }
 
 @techreport{aboba2004extensible,
  title={Extensible authentication protocol (EAP)},
  author={Aboba, Bernard and Blunk, Larry and Vollbrecht, John and Carlson, James and Levkowetz, Henrik},
  year={2004}
}

@article{nunoo2014review,
  title={A review of opensource network access control (NAC) tools for enterprise educational networks},
  author={Nunoo-Mensah, Henry and Akowuah, Emmanuel Kofi and Boateng, Kwame Osei},
  journal={International Journal of Computer Applications},
  volume={106},
  number={6},
  year={2014},
  publisher={Foundation of Computer Science}
}

@article{shah2022industry,
  title={Industry 4.0: The security implications of operational technology},
  author={Shah, Sachin},
  journal={Network Security},
  volume={2022},
  number={8},
  year={2022},
  publisher={MA Business London}
}

@incollection{gilchrist2016introducing,
  title={Introducing Industry 4.0},
  author={Gilchrist, Alasdair},
  booktitle={Industry 4.0},
  pages={195--215},
  year={2016},
  publisher={Springer}
}

@book{hirsch2014wandel,
  title={Wandel von Produktionsarbeit-" Industrie 4.0"},
  author={Hirsch-Kreinsen, Hartmut and Weyer, Johannes},
  year={2014},
  publisher={TU}
}

@book{botthof2015zukunft,
  title={Zukunft der Arbeit in Industrie 4.0},
  author={Botthof, Alfons and Hartmann, Ernst Andreas},
  year={2015},
  publisher={Springer Nature}
}

@misc{mab-cisco,
  author={Cisco},
  title={MAC Authentication Bypass},
  url={https://docstore.mik.ua/univercd/cc/td/doc/solution/macauthb.pdf},
  note={Abgerufen: 07.11.2022},
  year={2007}
}

@misc{mab-non-cisco,
  author={Networkworld.com},
  title={MAB with Non-Cisco Switches},
  url={https://www.networkworld.com/article/2461433/mab-with-non-cisco-switches.html},
  note={Abgerufen: 07.11.2022},
  year={2014}
}

@misc{mab-deployment-guide,
  author={Cisco},
  title={MAC Authentication Bypass Deployment Guide},
  url={https://www.cisco.com/c/en/us/td/docs/solutions/Enterprise/Security/TrustSec_1-99/MAB/MAB_Dep_Guide.html},
  note={Abgerufen: 07.11.2022},
  year={2011}
}
@book{sendler2016industrie,
  title={Industrie 4.0 grenzenlos},
  author={Sendler, Ulrich},
  year={2016},
  publisher={Springer},
}
@article{lucia2016industrie,
  title={Industrie 4.0--Vorgehensmodell f{\"u}r die Einf{\"u}hrung},
  author={Lucia Merz, Sandra and Siepmann, David},
  booktitle={Einf{\"u}hrung und Umsetzung von Industrie 4.0},
  pages={83--132},
  year={2016},
  publisher={Springer}
}
